@INPROCEEDINGS{Lester01,
author={David Lester},
booktitle={Proceedings of 15th IEEE Symposium on Computer Arithmetic (ARITH-15 2001)},
title={Effective Continued Fractions},
year={2001},
pages={163-170},
}

@TECHREPORT{hakmem,
author={Beeler, M. and Gosper, R.W. and Schroeppel, R.},
title="{HAKMEM}",
month={February},
year={1972},
number={AIM-293},
school={MIT},
institution={MIT},
url={https://dspace.mit.edu/handle/1721.1/6086}
}

